@article{fritzke1995gng,
  title={A growing neural gas network learns topologies},
  author={Fritzke, Bernd},
  journal={Advances in Neural Information Processing Systems},
  volume={7},
  year={1995}
}

@book{edelsbrunner2010computational,
  title={Computational Topology: An Introduction},
  author={Edelsbrunner, Herbert and Harer, John},
  year={2010},
  publisher={American Mathematical Society}
}

@article{lindeberg1994scale,
  title={Scale-Space Theory in Computer Vision},
  author={Lindeberg, Tony},
  journal={Kluwer Academic Publishers},
  year={1994}
}

@article{lindeberg1998scale,
  title={Feature detection with automatic scale selection},
  author={Lindeberg, Tony},
  journal={International Journal of Computer Vision},
  volume={30}, number={2}, pages={79--116}, year={1998}
}

@article{malkov2018hnsw,
  title={Efficient and robust approximate nearest neighbor search using Hierarchical Navigable Small World graphs},
  author={Malkov, Yu A and Yashunin, Dmitry A},
  journal={IEEE Transactions on Pattern Analysis and Machine Intelligence},
  volume={40}, number={4}, pages={824--836}, year={2018}
}

@inproceedings{kingma2018glow,
  title={Glow: Generative Flow with Invertible 1x1 Convolutions},
  author={Kingma, Diederik P and Dhariwal, Prafulla},
  booktitle={Advances in Neural Information Processing Systems},
  year={2018}
}

@inproceedings{dinh2016realnvp,
  title={Density estimation using Real NVP},
  author={Dinh, Laurent and Sohl-Dickstein, Jascha and Bengio, Samy},
  booktitle={International Conference on Learning Representations},
  year={2017}
}

@inproceedings{durkan2019neural,
  title={Neural Spline Flows},
  author={Durkan, Conor and Bekasov, Artur and Murray, Iain and Papamakarios, George},
  booktitle={Advances in Neural Information Processing Systems},
  year={2019}
}

@inproceedings{kingma2014vae,
  title={Auto-Encoding Variational Bayes},
  author={Kingma, Diederik P and Welling, Max},
  booktitle={International Conference on Learning Representations},
  year={2014}
}

@inproceedings{goodfellow2014gan,
  title={Generative Adversarial Nets},
  author={Goodfellow, Ian and others},
  booktitle={Advances in Neural Information Processing Systems},
  year={2014}
}

@article{traag2019leiden,
  title={From Louvain to Leiden: guaranteeing well-connected communities},
  author={Traag, Vincent A and Waltman, Ludo and van Eck, Nees Jan},
  journal={Scientific Reports}, volume={9}, number={1}, pages={5233}, year={2019}
}

@article{desbrun2005dec,
  title={Discrete Differential Forms for Computational Modeling},
  author={Desbrun, Mathieu and Hirani, Anil N and Leok, Melvin and Marsden, Jerrold E},
  journal={SIGGRAPH Course Notes}, year={2005}
}

@article{halko2011randomized,
  title={Finding structure with randomness: Probabilistic algorithms for constructing approximate matrix decompositions},
  author={Halko, Nathan and Martinsson, Per-Gunnar and Tropp, Joel A},
  journal={SIAM Review}, volume={53}, number={2}, pages={217--288}, year={2011}
}

@article{levina2005maximum,
  title={Maximum likelihood estimation of intrinsic dimension},
  author={Levina, Elizaveta and Bickel, Peter J},
  journal={Advances in Neural Information Processing Systems}, volume={17}, year={2005}
}

@article{szekely2007distance,
  title={Measuring and testing dependence by correlation of distances},
  author={Sz{\'e}kely, Gabor J and Rizzo, Maria L and Bakirov, Nail K},
  journal={Annals of Statistics}, volume={35}, number={6}, pages={2769--2794}, year={2007}
}

@inproceedings{johnson1984extensions,
  title={Extensions of Lipschitz mappings into a Hilbert space},
  author={Johnson, William B and Lindenstrauss, Joram},
  booktitle={Conference in modern analysis and probability},
  pages={189--206}, year={1984}, organization={American Mathematical Society}
}

@inproceedings{gretton2012kernel,
  title={A Kernel Two-Sample Test},
  author={Gretton, Arthur and Borgwardt, Karsten and Rasch, Malte and Sch{"o}lkopf, Bernhard and Smola, Alex},
  booktitle={Journal of Machine Learning Research}, volume={13}, pages={723--773}, year={2012}
}

@article{wilson1927probable,
  title={Probable inference, the law of succession, and statistical inference},
  author={Wilson, Edwin B},
  journal={Journal of the American Statistical Association}, volume={22}, number={158}, pages={209--212}, year={1927}
}
